@article{swaroop2003byte,
    title={A Byte of Python},
    author={Swaroop, CH},
    journal={Enlla{\c{c}} web},
    year={2003}
}
